<record><leader>00000cas a2200000 i 4500</leader><controlfield tag="001">10255221</controlfield><controlfield tag="008">831229d1865186utxucr ne      0    0spa c</controlfield><datafield ind1=" " ind2=" " tag="010"><subfield code="a">sn 83021612 </subfield></datafield><datafield ind1=" " ind2=" " tag="040"><subfield code="a">NPX</subfield><subfield code="b">eng</subfield><subfield code="e">rda</subfield><subfield code="c">NPX</subfield><subfield code="d">DLC</subfield><subfield code="d">MGN</subfield><subfield code="d">DLC</subfield><subfield code="d">OCLCQ</subfield><subfield code="d">CUS</subfield><subfield code="d">OCLCF</subfield><subfield code="d">IUL</subfield></datafield><datafield ind1=" " ind2=" " tag="042"><subfield code="a">pcc</subfield></datafield><datafield ind1=" " ind2=" " tag="043"><subfield code="a">n-us---</subfield></datafield><datafield ind1="0" ind2="0" tag="050"><subfield code="a">Newspaper</subfield></datafield><datafield ind1="0" ind2="3" tag="245"><subfield code="a">El Zaragoza.</subfield></datafield><datafield ind1=" " ind2="1" tag="264"><subfield code="a">Brownsville [Tex.] :</subfield><subfield code="b">Emilio Velasco,</subfield><subfield code="c">1865-</subfield></datafield><datafield ind1=" " ind2=" " tag="300"><subfield code="a">volumes ;</subfield><subfield code="c">48 cm</subfield></datafield><datafield ind1=" " ind2=" " tag="310"><subfield code="a">Semiweekly</subfield></datafield><datafield ind1=" " ind2=" " tag="336"><subfield code="a">text</subfield><subfield code="b">txt</subfield><subfield code="2">rdacontent</subfield></datafield><datafield ind1=" " ind2=" " tag="337"><subfield code="a">unmediated</subfield><subfield code="b">n</subfield><subfield code="2">rdamedia</subfield></datafield><datafield ind1=" " ind2=" " tag="338"><subfield code="a">volume</subfield><subfield code="b">nc</subfield><subfield code="2">rdacarrier</subfield></datafield><datafield ind1="0" ind2=" " tag="362"><subfield code="a">Tomo. I., num. 1. (diciembre 20 de 1865)-</subfield></datafield><datafield ind1=" " ind2=" " tag="515"><subfield code="a">Published every Wednesday and Saturday.</subfield></datafield><datafield ind1=" " ind2=" " tag="546"><subfield code="a">In Spanish.</subfield></datafield><datafield ind1=" " ind2=" " tag="588"><subfield code="a">Latest issue consulted: Tom. I., num. 3. (diciembre 27 de 1865) (viewed July 11. 2016).</subfield></datafield><datafield ind1=" " ind2="0" tag="650"><subfield code="a">Mexicans</subfield><subfield code="z">United States</subfield><subfield code="v">Newspapers.</subfield></datafield><datafield ind1=" " ind2="0" tag="651"><subfield code="a">Brownsville (Tex.)</subfield><subfield code="v">Newspapers.</subfield></datafield><datafield ind1=" " ind2="7" tag="650"><subfield code="a">Mexicans.</subfield><subfield code="2">fast</subfield><subfield code="0">(OCoLC)fst01019244</subfield></datafield><datafield ind1=" " ind2="7" tag="651"><subfield code="a">Texas</subfield><subfield code="z">Brownsville.</subfield><subfield code="2">fast</subfield><subfield code="0">(OCoLC)fst01208100</subfield></datafield><datafield ind1=" " ind2="7" tag="651"><subfield code="a">United States.</subfield><subfield code="2">fast</subfield><subfield code="0">(OCoLC)fst01204155</subfield></datafield><datafield ind1=" " ind2="7" tag="655"><subfield code="a">Newspapers.</subfield><subfield code="2">fast</subfield><subfield code="0">(OCoLC)fst01423814</subfield></datafield><datafield ind1=" " ind2=" " tag="752"><subfield code="a">United States</subfield><subfield code="b">Texas</subfield><subfield code="c">Cameron</subfield><subfield code="d">Brownsville.</subfield></datafield><datafield ind1="0" ind2="8" tag="776"><subfield code="i">Online version:</subfield><subfield code="t">Zaragoza</subfield><subfield code="w">(OCoLC)743340922</subfield></datafield><datafield ind1="4" ind2="0" tag="856"><subfield code="u">http://infoweb.newsbank.com/?db=EANX&amp;s_browseRef=decades/11D7A286704E32A1/all.xml</subfield></datafield><datafield ind1="1" ind2=" " tag="029"><subfield code="a">AU@</subfield><subfield code="b">000026221419</subfield></datafield></record>